<record><leader>00000cas a22000007a 4500</leader><controlfield tag="001">40770710</controlfield><controlfield tag="008">990211d19211942tnuwr ne      0    0eng d</controlfield><datafield ind1=" " ind2=" " tag="010"><subfield code="a">sn 98069934 </subfield></datafield><datafield ind1=" " ind2=" " tag="040"><subfield code="a">TGN</subfield><subfield code="b">eng</subfield><subfield code="c">TGN</subfield><subfield code="d">OCLCF</subfield><subfield code="d">OCLCO</subfield></datafield><datafield ind1=" " ind2=" " tag="019"><subfield code="a">40756575</subfield></datafield><datafield ind1="1" ind2=" " tag="029"><subfield code="a">AU@</subfield><subfield code="b">000014546358</subfield></datafield><datafield ind1=" " ind2=" " tag="042"><subfield code="a">msc</subfield></datafield><datafield ind1="0" ind2="0" tag="245"><subfield code="a">Weakley County press and Martin mail.</subfield></datafield><datafield ind1="3" ind2="0" tag="246"><subfield code="a">Weakley County press</subfield></datafield><datafield ind1="3" ind2="0" tag="246"><subfield code="a">Martin mail</subfield></datafield><datafield ind1=" " ind2=" " tag="260"><subfield code="a">Martin, Tenn. :</subfield><subfield code="b">Franklin Print. Co.,</subfield><subfield code="c">1921-1942.</subfield></datafield><datafield ind1=" " ind2=" " tag="300"><subfield code="a">v.</subfield></datafield><datafield ind1=" " ind2=" " tag="310"><subfield code="a">Weekly</subfield></datafield><datafield ind1="0" ind2=" " tag="362"><subfield code="a">Vol. 1, no. 1 (Jan. 21, 1921)-v. 56, no. 26 (July 3, 1942).</subfield></datafield><datafield ind1=" " ind2=" " tag="580"><subfield code="a">Merged with: County times (Martin, Tenn.), to form: Weakley County press, Martin mail and the county times.</subfield></datafield><datafield ind1=" " ind2="0" tag="651"><subfield code="a">Martin (Tenn.)</subfield><subfield code="v">Newspapers.</subfield></datafield><datafield ind1=" " ind2="0" tag="651"><subfield code="a">Weakley County (Tenn.)</subfield><subfield code="v">Newspapers.</subfield></datafield><datafield ind1=" " ind2="7" tag="655"><subfield code="a">Newspapers.</subfield><subfield code="2">fast</subfield><subfield code="0">(OCoLC)fst01423814</subfield></datafield><datafield ind1=" " ind2="7" tag="651"><subfield code="a">Tennessee</subfield><subfield code="z">Martin.</subfield><subfield code="2">fast</subfield><subfield code="0">(OCoLC)fst01214701</subfield></datafield><datafield ind1=" " ind2="7" tag="651"><subfield code="a">Tennessee</subfield><subfield code="z">Weakley County.</subfield><subfield code="2">fast</subfield><subfield code="0">(OCoLC)fst01210110</subfield></datafield><datafield ind1=" " ind2=" " tag="752"><subfield code="a">United States</subfield><subfield code="b">Tennessee</subfield><subfield code="c">Weakley</subfield><subfield code="d">Martin.</subfield></datafield><datafield ind1="0" ind2="0" tag="780"><subfield code="t">Martin mail (Martin, Tenn.)</subfield><subfield code="w">(DLC)sn 96093038</subfield></datafield><datafield ind1="1" ind2="7" tag="785"><subfield code="t">County times (Martin, Tenn.)</subfield><subfield code="w">(DLC)sn 98069935</subfield></datafield><datafield ind1="1" ind2="7" tag="785"><subfield code="t">Weakley County press, Martin mail and the county times</subfield><subfield code="w">(DLC)sn 89058368</subfield></datafield></record>